@article{Hosseini-Asl2016,
author = {Hosseini-Asl, Ehsan and Zurada, Jacek M. and Nasraoui, Olfa},
doi = {10.1109/TNNLS.2015.2479223},
issn = {2162-237X},
journal = {IEEE Transactions on Neural Networks and Learning Systems},
month = {dec},
number = {12},
pages = {2486--2498},
title = {{Deep Learning of Part-Based Representation of Data Using Sparse Autoencoders With Nonnegativity Constraints}},
url = {http://ieeexplore.ieee.org/document/7310882/},
volume = {27},
year = {2016}
}
